<?xml version="1.0" encoding="UTF-8"?><collection xmlns="http://www.loc.gov/MARC21/slim"><record><leader>00429nam--2200157-i-4500</leader><controlfield tag="001">000039670</controlfield><controlfield tag="002">20161230</controlfield><controlfield tag="005">20170128193236</controlfield><controlfield tag="008">060222s1000------------r-----000-0-eng-d</controlfield><datafield ind1=" " ind2=" " tag="080"><subfield code="a">771.35:778.2</subfield></datafield><datafield ind1=" " ind2=" " tag="100"><subfield code="a">Romer, Witold</subfield></datafield><datafield ind1=" " ind2=" " tag="245"><subfield code="a">Ziarnistosc i rozdzielczosc obrazow fotograficznych</subfield></datafield><datafield ind1=" " ind2=" " tag="260"><subfield code="a">Warszawa</subfield><subfield code="b">Panstwowe Wydawnictwo Naukowe</subfield><subfield code="c">1953</subfield></datafield><datafield ind1=" " ind2=" " tag="300"><subfield code="a">112 p. + 51 Fig</subfield></datafield><datafield ind1=" " ind2=" " tag="852"><subfield code="a">5810</subfield></datafield><datafield ind1=" " ind2=" " tag="CAT"><subfield code="a">SYS</subfield><subfield code="c">20170128</subfield><subfield code="h">193236</subfield></datafield></record></collection>